@PHDTHESIS{wald::PhD,
AUTHOR = {Wald, Ingo},
TITLE = {Realtime Ray Tracing and Interactive Global Illumination},
SCHOOL = {Universit{\"a}t des Saarlandes},
YEAR = {2004},
MONTH = {May},
}

@INPROCEEDINGS{kajiya86,
    author = {James T. Kajiya},
    title = {The rendering equation},
    booktitle = {Computer Graphics},
    year = {1986},
    pages = {143--150}
}
